<?xml version="1.0" encoding="UTF-8"?><record xmlns="http://www.loc.gov/MARC21/slim" xmlns:cinclude="http://apache.org/cocoon/include/1.0" xmlns:zs="http://www.loc.gov/zing/srw/">
  <leader>00435nz  a2200133n  4500</leader>
  <controlfield tag="001">nb2010028286</controlfield>
  <controlfield tag="003">DLC</controlfield>
  <controlfield tag="005">20101027075051.0</controlfield>
  <controlfield tag="008">101025n| acannaabn          |n ana      </controlfield>
  <datafield tag="010" ind1=" " ind2=" ">
    <subfield code="a">nb2010028286</subfield>
  </datafield>
  <datafield tag="035" ind1=" " ind2=" ">
    <subfield code="a">(Uk)007957165</subfield>
  </datafield>
  <datafield tag="040" ind1=" " ind2=" ">
    <subfield code="a">Uk</subfield>
    <subfield code="b">eng</subfield>
    <subfield code="c">Uk</subfield>
  </datafield>
  <datafield tag="110" ind1="2" ind2=" ">
    <subfield code="a">Uniting Conference Centres (N.S.W.)</subfield>
  </datafield>
  <datafield tag="670" ind1=" " ind2=" ">
    <subfield code="a">Sanctuary in the trees, c2007:</subfield>
    <subfield code="b">t.p. (Uniting Conference Centres) verso (Uniting Conference Centres, Sydney South, NSW, Australia)</subfield>
  </datafield>
</record>